@article{Conte:2012fm,
      author         = "Conte, Eric and Fuks, Benjamin and Serret, Guillaume",
      title          = "{MadAnalysis 5, A User-Friendly Framework for Collider
                        Phenomenology}",
      journal        = "Comput.Phys.Commun.",
      volume         = "184",
      pages          = "222-256",
      doi            = "10.1016/j.cpc.2012.09.009",
      year           = "2013",
      eprint         = "1206.1599",
      archivePrefix  = "arXiv",
      primaryClass   = "hep-ph",
      reportNumber   = "IPHC-PHENO-06",
      SLACcitation   = "%%CITATION = ARXIV:1206.1599;%%",
}

@article{Conte:2014zja,
      author         = "Conte, Eric and Dumont, B\'eranger and Fuks, Benjamin and
                        Wymant, Chris",
      title          = "{Designing and recasting LHC analyses with MadAnalysis
                        5}",
      journal        = "Eur. Phys. J.",
      volume         = "C74",
      year           = "2014",
      number         = "10",
      pages          = "3103",
      doi            = "10.1140/epjc/s10052-014-3103-0",
      eprint         = "1405.3982",
      archivePrefix  = "arXiv",
      primaryClass   = "hep-ph",
      reportNumber   = "CERN-PH-TH-2014-088, LPSC-14-079, LAPTH-033-14,
                        MCNET-14-11",
      SLACcitation   = "%%CITATION = ARXIV:1405.3982;%%"
}

@article{Dumont:2014tja,
      author         = "Dumont, B. and Fuks, B. and Kraml, S. and Bein, S. and
                        Chalons, G. and others",
      title          = "{Toward a public analysis database for LHC new physics
                        searches using MADANALYSIS 5}",
      journal        = "Eur.Phys.J.",
      number         = "2",
      volume         = "C75",
      pages          = "56",
      doi            = "10.1140/epjc/s10052-014-3242-3",
      year           = "2015",
      eprint         = "1407.3278",
      archivePrefix  = "arXiv",
      primaryClass   = "hep-ph",
      reportNumber   = "CERN-PH-TH-2014-109, LAPTH-048-14, LPSC14143",
      SLACcitation   = "%%CITATION = ARXIV:1407.3278;%%",
}

@article{Conte:2018vmg,
      author         = "Conte, Eric and Fuks, Benjamin",
      title          = "{Confronting new physics theories to LHC data with
                        MADANALYSIS 5}",
      journal        = "Int. J. Mod. Phys.",
      volume         = "A33",
      year           = "2018",
      number         = "28",
      pages          = "1830027",
      doi            = "10.1142/S0217751X18300272",
      eprint         = "1808.00480",
      archivePrefix  = "arXiv",
      primaryClass   = "hep-ph",
      SLACcitation   = "%%CITATION = ARXIV:1808.00480;%%"
}

@article{atlas_higg_2013_03,
      key            = "1347081",
      author         = "Dumont, Beranger",
      title          = "{MadAnalysis 5 implementation of ATLAS-HIGG-2013-03}",
      doi            = "10.7484/INSPIREHEP.DATA.RT3V.9PJK",
      year           = "2014",
      SLACcitation   = "%%CITATION = INSPIRE-1347081;%%"
}

@article{atlas_susy_2013_02,
      key            = "1388801",
      author         = "Guillaume Chalons and Dipan Sengupta",
      title          = "{Madanalysis 5 implementation of the ATLAS multi jet
                        analysis documented in arXiv:1405.7875, JHEP 1409 (2014)
                        176}",
      doi            = "10.7484/INSPIREHEP.DATA.UYT6.GFD9",
      year           = "2015",
      SLACcitation   = "%%CITATION = INSPIRE-1388801;%%"
}

@article{atlas_susy_2013_04,
      key            = "1408964",
      author         = "Fuks, Benjamin and Blanke, Monika and Galon, Iftah",
      title          = "{MadAnalysis5 implementation of ATLAS-SUSY-2013-04}",
      doi            = "10.7484/INSPIREHEP.DATA.STLS.SAMT",
      year           = "2015",
      SLACcitation   = "%%CITATION = INSPIRE-1408964;%%"
}

@article{atlas_susy_2013_05,
      key            = "1325001",
      author         = "Chalons, Guillaume",
      title          = "{MadAnalysis 5 implementation of ATLAS-SUSY-2013-05}",
      doi            = "10.7484/INSPIREHEP.DATA.Z4ML.3W67.2",
      year           = "2014",
      SLACcitation   = "%%CITATION = INSPIRE-1325001;%%"
}

@article{atlas_susy_2013_11,
      key            = "1326686",
      author         = "Dumont, Beranger",
      title          = "{MadAnalysis 5 implementation of ATLAS-SUSY-2013-11:
                        di-leptons plus MET}",
      doi            = "10.7484/INSPIREHEP.DATA.HLMR.T56W.2",
      year           = "2014",
      SLACcitation   = "%%CITATION = INSPIRE-1326686;%%"
}

@article{atlas_susy_2013_21,
      key            = "1388797",
      author         = "Sengupta, Dipan and Chalons, Guillaume",
      title          = "{Madanalysis 5 implementation of the ATLAS monojet
                        analysis documented in arXiv:1407.0608, Phys. Rev. D. 90,
                        052008}",
      doi            = "10.7484/INSPIREHEP.DATA.RB33.M3CD",
      year           = "2015",
      SLACcitation   = "%%CITATION = INSPIRE-1388797;%%"
}

@article{atlas_susy_2014_10,
      key            = "1387577",
      author         = "Dumont, Beranger",
      title          = "{MadAnalysis 5 implementation of ATLAS-SUSY-2014-10:
                        dilepton pair, jets, and MET}",
      doi            = "10.7484/INSPIREHEP.DATA.RSTT.7HVX",
      year           = "2015",
      SLACcitation   = "%%CITATION = INSPIRE-1387577;%%"
}

@article{cms_sus_13_011,
      key            = "1301484",
      author         = "Dumont, Beranger and Fuks, Benjamin and Wymant, Chris",
      title          = "{MadAnalysis 5 implementation of CMS-SUS-13-011: search
                        for stops in the single lepton final state at 8 TeV}",
      doi            = "10.7484/INSPIREHEP.DATA.LR5T.2RR3",
      year           = "2014",
      SLACcitation   = "%%CITATION = INSPIRE-1301484;%%"
}

@article{cms_sus_13_012,
      key            = "1305458",
      author         = "Bein, Samuel and Sengupta, Dipan",
      title          = "{MadAnalysis 5 implementation of CMS-SUS-13-012}",
      doi            = "10.7484/INSPIREHEP.DATA.83GG.U5BW",
      year           = "2014",
      SLACcitation   = "%%CITATION = INSPIRE-1305458;%%"
}

@article{cms_sus_13_016,
      key            = "1305194",
      author         = "Sengupta, Dipan and Kulkarni, Suchita",
      title          = "{MadAnalysis 5 implementation of CMS-SUS-13-016}",
      doi            = "10.7484/INSPIREHEP.DATA.ZC3J.646F",
      year           = "2014",
      SLACcitation   = "%%CITATION = INSPIRE-1305194;%%"
}

@article{cms_sus_14_001_monojet,
      key            = "1401439",
      author         = "Sharma, Seema and Pandey, Shubham",
      title          = "{MadAnalysis 5 implementation of CMS-SUS-14-001 (monojet
                        analysis)}",
      doi            = "10.7484/INSPIREHEP.DATA.QGBP.K237",
      year           = "2015",
      SLACcitation   = "%%CITATION = INSPIRE-1401439;%%"
}

@article{cms_sus_14_001_toptag,,
      key            = "1409185",
      author         = "Atmasiddha, Prachi and Bein, Samuel and Sharma, Seema",
      title          = "{MadAnalysis 5 implementation of CMS-SUS-14-001-TopTag}",
      doi            = "10.7484/INSPIREHEP.DATA.AL3X.K2SD",
      year           = "2015",
      SLACcitation   = "%%CITATION = INSPIRE-1409185;%%"
}