@article{Conte:2012fm,
      author         = "Conte, Eric and Fuks, Benjamin and Serret, Guillaume",
      title          = "{MadAnalysis 5, A User-Friendly Framework for Collider
                        Phenomenology}",
      journal        = "Comput.Phys.Commun.",
      volume         = "184",
      pages          = "222-256",
      doi            = "10.1016/j.cpc.2012.09.009",
      year           = "2013",
      eprint         = "1206.1599",
      archivePrefix  = "arXiv",
      primaryClass   = "hep-ph",
      reportNumber   = "IPHC-PHENO-06",
      SLACcitation   = "%%CITATION = ARXIV:1206.1599;%%",
}

@article{Conte:2014zja,
      author         = "Conte, Eric and Dumont, B\'eranger and Fuks, Benjamin and
                        Wymant, Chris",
      title          = "{Designing and recasting LHC analyses with MadAnalysis
                        5}",
      journal        = "Eur. Phys. J.",
      volume         = "C74",
      year           = "2014",
      number         = "10",
      pages          = "3103",
      doi            = "10.1140/epjc/s10052-014-3103-0",
      eprint         = "1405.3982",
      archivePrefix  = "arXiv",
      primaryClass   = "hep-ph",
      reportNumber   = "CERN-PH-TH-2014-088, LPSC-14-079, LAPTH-033-14,
                        MCNET-14-11",
      SLACcitation   = "%%CITATION = ARXIV:1405.3982;%%"
}

@article{Dumont:2014tja,
      author         = "Dumont, B. and Fuks, B. and Kraml, S. and Bein, S. and
                        Chalons, G. and others",
      title          = "{Toward a public analysis database for LHC new physics
                        searches using MADANALYSIS 5}",
      journal        = "Eur.Phys.J.",
      number         = "2",
      volume         = "C75",
      pages          = "56",
      doi            = "10.1140/epjc/s10052-014-3242-3",
      year           = "2015",
      eprint         = "1407.3278",
      archivePrefix  = "arXiv",
      primaryClass   = "hep-ph",
      reportNumber   = "CERN-PH-TH-2014-109, LAPTH-048-14, LPSC14143",
      SLACcitation   = "%%CITATION = ARXIV:1407.3278;%%",
}

@article{Conte:2018vmg,
      author         = "Conte, Eric and Fuks, Benjamin",
      title          = "{Confronting new physics theories to LHC data with
                        MADANALYSIS 5}",
      journal        = "Int. J. Mod. Phys.",
      volume         = "A33",
      year           = "2018",
      number         = "28",
      pages          = "1830027",
      doi            = "10.1142/S0217751X18300272",
      eprint         = "1808.00480",
      archivePrefix  = "arXiv",
      primaryClass   = "hep-ph",
      SLACcitation   = "%%CITATION = ARXIV:1808.00480;%%"
}

@article{atlas_conf_2016_086,
      key            = "1635567",
      author         = "Fuks, Benjamin and Zumbihl, Maxime",
      title          = "{MadAnalysis 5 implementation of the multijet + missing
                        energy analysis of ATLAS with 13.3 fb-1 of data
                        (ATLAS-CONF-2016-086)}",
      doi            = "10.7484/INSPIREHEP.DATA.UUIF.89NC",
      year           = "2017",
      SLACcitation   = "%%CITATION = INSPIRE-1635567;%%"
}

@article{atlas_exot_2014_06,
      key            = "1353627",
      author         = "Daniele Barducci",
      title          = "{MadAnalysis 5 implementation of ATLAS-EXOT-2014-06}",
      doi            = "10.7484/INSPIREHEP.DATA.922E.4BN6",
      year           = "2015",
      SLACcitation   = "%%CITATION = INSPIRE-1353627;%%"
}

@article{atlas_exot_2015_03,
      key            = "1476800",
      author         = "Dipan Sengupta",
      title          = "{Madanalysis5 implementation of the ATLAS monojet and
                        missing transverse momentum search documented in arXiv:
                        1604.07773}",
      doi            = "10.7484/INSPIREHEP.DATA.GTH3.RN26",
      year           = "2016",
      SLACcitation   = "%%CITATION = INSPIRE-1476800;%%"
}

@article{atlas_exot_2016_25,
      key            = "1672227",
      author         = "Jeon, S. and Kang, Y. and Lee, G. and Yu, C.",
      title          = "{The MadAnalysis5 implementation of the ATLAS analysis
                        ATLAS-EXOT-2016-25: an ATLAS mono-Higgs analysis}",
      doi            = "10.7484/INSPIREHEP.DATA.SSS4.298U",
      year           = "2018",
      SLACcitation   = "%%CITATION = INSPIRE-1672227;%%"
}

@article{atlas_exot_2016_27,
      key            = "1672234",
      author         = "Sengupta, Dipan",
      title          = "{The MadAnalysis5 implementation of the ATLAS in
                        monojet+missing energy}",
      doi            = "10.7484/INSPIREHEP.DATA.HUH5.239F",
      year           = "2018",
      SLACcitation   = "%%CITATION = INSPIRE-1672234;%%"
}

@article{atlas_exot_2016_32,
      key            = "1642639",
      author         = "Baek, Seungwon and Jung, Tae Hyun",
      title          = "{Madanalysis5 implementation of the ATLAS search for Dark
                        matter  in final states containing an energetic photon and
                        large missing transverse momentum documented in
                        arXiv:1704.03848}",
      doi            = "10.7484/INSPIREHEP.DATA.88NC.0FER.1",
      year           = "2017",
      SLACcitation   = "%%CITATION = INSPIRE-1642639;%%"
}

@article{atlas_susy_2015_06,
      key            = "1510490",
      author         = "Fuks, Benjamin and Banerjee, Shankha and Zaldivar, Bryan",
      title          = "{MadAnalysis5 implementation of the multijet analysis of
                        ATLAS (arXiv:1605.03814)}",
      doi            = "10.7484/INSPIREHEP.DATA.GTF5.RN03",
      year           = "2017",
      SLACcitation   = "%%CITATION = INSPIRE-1510490;%%"
}

@article{atlas_susy_2016_07,
      key            = "1691534",
      author         = "Chalons, Guillaume and Reyes-Gonzalez, Humberto",
      title          = "{MadAnalysis 5 implementation of ATLAS-SUSY-16-07
                        (arXiv:1712.02332)}",
      doi            = "10.7484/INSPIREHEP.DATA.56DC.PPE2",
      year           = "2018",
      SLACcitation   = "%%CITATION = INSPIRE-1691534;%%"
}

@article{cms_b2g_12_012,
      key            = "1402144",
      author         = "Barducci, Daniele and Delaunay, C\'edric",
      title          = "{MadAnalysis 5 implementation of CMS-B2G-12-012}",
      doi            = "10.7484/INSPIREHEP.DATA.GRGZ.FST3",
      year           = "2015",
      SLACcitation   = "%%CITATION = INSPIRE-1402144;%%"
}

@article{cms_b2g_12_022,
      key            = "1676305",
      author         = "Guo, Jun and Conte, Eric and Fuks, Benjamin",
      title          = "{MadAnalysis5 implementation of the mono-Z analysis of
                        CMS with 2.3 fb-1 of data (CMS-B2G-12-022)}",
      doi            = "10.7484/INSPIREHEP.DATA.D563.LL91",
      year           = "2018",
      SLACcitation   = "%%CITATION = INSPIRE-1676305;%%"
}

@article{cms_b2g_14_004,
      key            = "1456179",
      author         = "Fuks, Benjamin and Martini, Antony",
      title          = "{MadAnalysis5 implementation of the CMS search for dark
                        matter production with top quark pairs in the single
                        lepton channel (CMS-B2G-14-004)}",
      doi            = "10.7484/INSPIREHEP.DATA.MIHA.JR4G",
      year           = "2016",
      SLACcitation   = "%%CITATION = INSPIRE-1456179;%%"
}

@article{cms_exo_12_047,
      key            = "1411894",
      author         = "Guo, Jun and Conte, Eric and Fuks, Benjamin",
      title          = "{MadAnalysis5 implementation of the CMS monophoton search
                        (EXO-12-047)}",
      doi            = "10.7484/INSPIREHEP.DATA.BBZR.Q6EA",
      year           = "2016",
      SLACcitation   = "%%CITATION = INSPIRE-1411894;%%"
}

@article{cms_exo_12_048,
      key            = "1413153",
      author         = "Guo, Jun and Conte, Eric and Fuks, Benjamin",
      title          = "{MadAnalysis5 implementation of the CMS monojet search
                        (EXO-12-048)}",
      doi            = "10.7484/INSPIREHEP.DATA.JAN2.UNDA",
      year           = "2016",
      SLACcitation   = "%%CITATION = INSPIRE-1413153;%%"
}

@article{cms_exo_16_010,
      key            = "1618045",
      author         = "Fuks, Benjamin",
      title          = "{MadAnalysis5 implementation of the mono-Z analysis of
                        CMS with 2.3 fb-1 of data (CMS-EXO-16-010)}",
      doi            = "10.7484/INSPIREHEP.DATA.RK53.S39D",
      year           = "2017",
      SLACcitation   = "%%CITATION = INSPIRE-1618045;%%"
}

@article{cms_exo_16_012,
      key            = "1642631",
      author         = "Ahn, Seohyun and Park, Jiwon and Zhang, Wenxing",
      title          = "{Madanalysis5 implementation of the CMS search for Dark
                        matter with large missing transverse momentum and a Higgs
                        boson decaying to a pair of photons documented in arXiv:
                        1703.05236}",
      doi            = "10.7484/INSPIREHEP.DATA.JT56.DDC3.1",
      year           = "2017",
      SLACcitation   = "%%CITATION = INSPIRE-1642631;%%"
}

@article{cms_sus_16_033,
      key            = "1685439",
      author         = "Ambrogi, Federico and Sonneveld, Jory",
      title          = "{MadAnalysis5 recast of CMS-SUS-16-033}",
      doi            = "10.7484/INSPIREHEP.DATA.77YH.NBR3",
      year           = "2018",
      SLACcitation   = "%%CITATION = INSPIRE-1685439;%%"
}

@article{cms_sus_16_039,
      key            = "1676304",
      author         = "Fuks, Benjamin and Mondal, Subhadeep",
      title          = "{MadAnalysis 5 implementation of the CMS search for
                        supersymmetry in the multilepton channel with 35.9 fbâˆ’1
                        of 13 TeV LHC data (CMS-SUS-16-039)}",
      doi            = "10.7484/INSPIREHEP.DATA.HE48.D9HD.1",
      year           = "2018",
      SLACcitation   = "%%CITATION = INSPIRE-1676304;%%"
}

@article{cms_sus_16_052,
      key            = "1644684",
      author         = "Sengupta, Dipan",
      title          = "{MadAnalysis5 code for the recast of the CMS analysis
                        CMS-SUS-16-52}",
      doi            = "10.7484/INSPIREHEP.DATA.JHC8.91WW",
      year           = "2017",
      SLACcitation   = "%%CITATION = INSPIRE-1644684;%%"
}

@article{cms_sus_17_001,
      key            = "1667773",
      author         = "Bein, Samuel and Choi, Soo-Min and Fuks, Benjamin and
                        Jeong, Soomin and Kang, Dong Woo and Li, Jinmian and
                        Sonneveld, Jory",
      title          = "{Madanalysis5 implementation of CMS-SUS-17-001}",
      doi            = "10.7484/INSPIREHEP.DATA.MMM1.876Z",
      year           = "2018",
      SLACcitation   = "%%CITATION = INSPIRE-1667773;%%"
}

@article{cms_top_17_009,
      key            = "1672876",
      author         = "DarmÃ©, Luc and Fuks, Benjamin",
      title          = "{MadAnalysis5 implementation of the four-top analysis of
                        CMS with 35.9 fb-1 of data (CMS-TOP-17-009)}",
      doi            = "10.7484/INSPIREHEP.DATA.BBBC.6732",
      year           = "2018",
      SLACcitation   = "%%CITATION = INSPIRE-1672876;%%"
}

@article{atlas_conf_2019_040,
      key            = "1765842",
      author         = "Ambrogi, Federico",
      title          = "{MadAnalysis 5 recast of ATLAS-CONF-2019-040}",
      doi            = "10.7484/INSPIREHEP.DATA.45EF.23SB",
      year           = "2019",
      SLACcitation   = "%%CITATION = INSPIRE-1765842;%%"
}
